@Article{FFTW05,
  author = 	 {Frigo, Matteo and Johnson, Steven~G.},
  title = 	 {The Design and Implementation of {FFTW3}},
  journal = 	 {Proceedings of the IEEE},
  year = 	 2005,
  volume =	 93,
  number =	 2,
  pages =	 {216--231},
  note =	 {Special issue on ``Program Generation, Optimization, and Platform Adaptation''}
}
@techreport{tired-manycore-architectures-ocelot,
	title = {Translating GPU Binaries to Tiered SIMD Architectures with Ocelot},
	number = {0901},
	company = {Georgia Institute of Technology},
	author = {Gregory Diamos and Andrew Kerr and Mukil Kesavan},
	year = {2009},
	month = {January},
	url = {http://gpuocelot.gatech.edu/publications/translating-gpu-binaries-to-tiered-many-core-architectures-with-ocelot/}
}
@article{fast-fourier-cache,
	author = {Bailey, D. H.},
	title = {FFTs in External or Hierarchical Memory},
	year = {1990},
	issue_date = {March 1990},
	publisher = {Kluwer Academic Publishers},
	address = {USA},
	volume = {4},
	number = {1},
	issn = {0920-8542},
	url = {https://doi.org/10.1007/BF00162341},
	doi = {10.1007/BF00162341},
	journal = {J. Supercomput.},
	month = mar,
	pages = {23-35},
	numpages = {13}
}
@article{Cooley1965,
	doi = {10.1090/s0025-5718-1965-0178586-1},
	url = {https://doi.org/10.1090/s0025-5718-1965-0178586-1},
	year = {1965},
	month = may,
	publisher = {American Mathematical Society ({AMS})},
	volume = {19},
	number = {90},
	pages = {297--297},
	author = {James W. Cooley and John W. Tukey},
	title = {An algorithm for the machine calculation of complex Fourier series},
	journal = {Mathematics of Computation}
}
@article{good-thomas,
	ISSN = {00359246},
	URL = {http://www.jstor.org/stable/2983896},
	author = {I. J. Good},
	journal = {Journal of the Royal Statistical Society. Series B (Methodological)},
	number = {2},
	pages = {361--372},
	publisher = {[Royal Statistical Society, Wiley]},
	title = {The Interaction Algorithm and Practical Fourier Analysis},
	volume = {20},
	year = {1958}
}
@inproceedings{fast-fourier-bell-labs,
	author = {Gentleman, W. M. and Sande, G.},
	title = {Fast Fourier Transforms: For Fun and Profit},
	year = {1966},
	isbn = {9781450378932},
	publisher = {Association for Computing Machinery},
	address = {New York, NY, USA},
	url = {https://doi.org/10.1145/1464291.1464352},
	doi = {10.1145/1464291.1464352},
	booktitle = {Proceedings of the November 7-10, 1966, Fall Joint Computer Conference},
	pages = {563–578},
	numpages = {16},
	location = {San Francisco, California},
	series = {AFIPS ’66 (Fall)}
}
@InProceedings{likwid-bench,
	author="Treibig, Jan
	and Hager, Georg
	and Wellein, Gerhard",
	editor="Brunst, Holger
	and M{\"u}ller, Matthias S.
	and Nagel, Wolfgang E.
	and Resch, Michael M.",
	title="likwid-bench: An Extensible Microbenchmarking Platform for x86 Multicore Compute Nodes",
	booktitle="Tools for High Performance Computing 2011",
	year="2012",
	publisher="Springer Berlin Heidelberg",
	address="Berlin, Heidelberg",
	pages="27--36",
	isbn="978-3-642-31476-6"
}
@inproceedings{gpumembench,
	doi = {10.1109/pdp.2016.56},
	url = {https://doi.org/10.1109/pdp.2016.56},
	year = {2016},
	month = feb,
	publisher = {{IEEE}},
	author = {Elias Konstantinidis and Yiannis Cotronis},
	title = {A Quantitative Performance Evaluation of Fast on-Chip Memories of {GPUs}},
	booktitle = {2016 24th Euromicro International Conference on Parallel,  Distributed,  and Network-Based Processing ({PDP})}
}
@article{Rius1995,
	doi = {10.1109/78.376852},
	url = {https://doi.org/10.1109/78.376852},
	year = {1995},
	month = apr,
	publisher = {Institute of Electrical and Electronics Engineers ({IEEE})},
	volume = {43},
	number = {4},
	pages = {991--994},
	author = {J.M. Rius and R. De Porrata-Doria},
	title = {New {FFT} bit-reversal algorithm},
	journal = {{IEEE} Transactions on Signal Processing}
}
@article{Karp1996,
	doi = {10.1137/1038001},
	url = {https://doi.org/10.1137/1038001},
	year = {1996},
	month = mar,
	publisher = {Society for Industrial {\&} Applied Mathematics ({SIAM})},
	volume = {38},
	number = {1},
	pages = {1--26},
	author = {Alan H. Karp},
	title = {Bit Reversal on Uniprocessors},
	journal = {{SIAM} Review}
}
@article{parreverse,
  author    = {Rami A. Al Namneh and
               Khalid A. Darabkh and
               Iyad F. Jafar},
  title     = {Efficient Bit Reversal Algorithms in Parallel Computers},
  journal   = {Int. J. Comput. Their Appl.},
  volume    = {19},
  number    = {3},
  pages     = {154--165},
  year      = {2012},
  timestamp = {Thu, 16 Apr 2020 13:55:16 +0200},
  biburl    = {https://dblp.org/rec/journals/isca/NamnehDJ12.bib},
  bibsource = {dblp computer science bibliography, https://dblp.org}
}

@article{Adikaram2014,
	doi = {10.1155/2014/827509},
	url = {https://doi.org/10.1155/2014/827509},
	year = {2014},
	publisher = {Hindawi Limited},
	volume = {2014},
	pages = {1--12},
	author = {K. K. L. B. Adikaram and M. A. Hussein and M. Effenberger and T. Becker},
	title = {Multiple Memory Structure Bit Reversal Algorithm Based on Recursive Patterns of Bit Reversal Permutation},
	journal = {Mathematical Problems in Engineering}
}
@inproceedings{Elster2009,
  doi = {10.1109/ipdps.2009.5161105},
  url = {https://doi.org/10.1109/ipdps.2009.5161105},
  year = {2009},
  month = may,
  publisher = {{IEEE}},
  author = {Anne C. Elster and Jan C. Meyer},
  title = {A super-efficient adaptable bit-reversal algorithm for multithreaded architectures},
  booktitle = {2009 {IEEE} International Symposium on Parallel {\&} Distributed Processing}
}
@misc{heisenburg-frequency,
	title={{General uncertainty principle}},
	url={https://youtu.be/MBnnXbOM5S4?t=60},
	note = {accessed: 2020-04-24}
}
@misc{fft-visualize,
	title={{Visual introduction to fourier transformation}},
	url={https://www.youtube.com/watch?v=spUNpyF58BY},
	note = {accessed: 2020-04-25}
}
@misc{arduinofft,
	title={{ArduinoFFT Github repository}},
	url={https://github.com/kosme/arduinoFFT},
	note = {accessed: 2020-04-13}
}
@misc{hsa1.2,
	title={{HSA 1.2 specification}},
	url={http://www.hsafoundation.com/?ddownload=5702},
	note = {accessed: 2020-04-13}
}
@misc{rocm-no-rdna,
	title={{No RDNA support for ROCm}},
	url={https://github.com/RadeonOpenCompute/ROCm/issues/887#issuecomment-605711172},
	note = {accessed: 2020-04-24}
}
@misc{window-signal,
	title={{Overlayed windowing functions showing signal width}},
	url={http://gwyddion.net/documentation/user-guide-en/windowing-win.png},
	note = {accessed: 2020-04-24}
}
@misc{window-range,
	title={{Overlayed windowing functions showing dynamic range}},
	url={http://gwyddion.net/documentation/user-guide-en/windowing-fft.png},
	note = {accessed: 2020-04-24}
}
@misc{sigidwiki,
	title={{Signal Identification Guide}},
	url={https://www.sigidwiki.com},
	note = {accessed: 2020-04-27}
}
@misc{cedric,
	title={{Exploring the performance of SGEMM in OpenCL on NVIDIA GPUs}},
	url={https://github.com/CNugteren/myGEMM},
	note = {accessed: 2020-06-01}
}