@article{Cooley1965,
  doi = {10.1090/s0025-5718-1965-0178586-1},
  url = {https://doi.org/10.1090/s0025-5718-1965-0178586-1},
  year = {1965},
  month = may,
  publisher = {American Mathematical Society ({AMS})},
  volume = {19},
  number = {90},
  pages = {297--297},
  author = {James W. Cooley and John W. Tukey},
  title = {An algorithm for the machine calculation of complex Fourier series},
  journal = {Mathematics of Computation}
}
@Article{FFTW,
  author = 	 {Frigo, Matteo and Johnson, Steven~G.},
  title = 	 {The Design and Implementation of {FFTW3}},
  journal = 	 {Proceedings of the IEEE},
  year = 	 2005,
  volume =	 93,
  number =	 2,
  pages =	 {216--231},
  note =	 {Special issue on ``Program Generation, Optimization, and Platform Adaptation''}
}
@misc{cufft,
  title = {NVIDIA CUDA Fast Fourier Transform library},
  url = {https://developer.nvidia.com/cufft},
  note = {Accessed: 2020-04-05}
}