@Article{FFTW05,
  author = 	 {Frigo, Matteo and Johnson, Steven~G.},
  title = 	 {The Design and Implementation of {FFTW3}},
  journal = 	 {Proceedings of the IEEE},
  year = 	 2005,
  volume =	 93,
  number =	 2,
  pages =	 {216--231},
  note =	 {Special issue on ``Program Generation, Optimization, and Platform Adaptation''}
}
@techreport{tired-manycore-architectures-ocelot,
	title = {Translating GPU Binaries to Tiered SIMD Architectures with Ocelot},
	number = {0901},
	company = {Georgia Institute of Technology},
	author = {Gregory Diamos and Andrew Kerr and Mukil Kesavan},
	year = {2009},
	month = {January},
	url = {http://gpuocelot.gatech.edu/publications/translating-gpu-binaries-to-tiered-many-core-architectures-with-ocelot/}
}
@article{fast-fourier-cache,
	author = {Bailey, D. H.},
	title = {FFTs in External or Hierarchical Memory},
	year = {1990},
	issue_date = {March 1990},
	publisher = {Kluwer Academic Publishers},
	address = {USA},
	volume = {4},
	number = {1},
	issn = {0920-8542},
	url = {https://doi.org/10.1007/BF00162341},
	doi = {10.1007/BF00162341},
	journal = {J. Supercomput.},
	month = mar,
	pages = {23-35},
	numpages = {13}
}
@article{Cooley1965,
	doi = {10.1090/s0025-5718-1965-0178586-1},
	url = {https://doi.org/10.1090/s0025-5718-1965-0178586-1},
	year = {1965},
	month = may,
	publisher = {American Mathematical Society ({AMS})},
	volume = {19},
	number = {90},
	pages = {297--297},
	author = {James W. Cooley and John W. Tukey},
	title = {An algorithm for the machine calculation of complex Fourier series},
	journal = {Mathematics of Computation}
}
@article{good-thomas,
	ISSN = {00359246},
	URL = {http://www.jstor.org/stable/2983896},
	author = {I. J. Good},
	journal = {Journal of the Royal Statistical Society. Series B (Methodological)},
	number = {2},
	pages = {361--372},
	publisher = {[Royal Statistical Society, Wiley]},
	title = {The Interaction Algorithm and Practical Fourier Analysis},
	volume = {20},
	year = {1958}
}
@inproceedings{fast-fourier-bell-labs,
	author = {Gentleman, W. M. and Sande, G.},
	title = {Fast Fourier Transforms: For Fun and Profit},
	year = {1966},
	isbn = {9781450378932},
	publisher = {Association for Computing Machinery},
	address = {New York, NY, USA},
	url = {https://doi.org/10.1145/1464291.1464352},
	doi = {10.1145/1464291.1464352},
	booktitle = {Proceedings of the November 7-10, 1966, Fall Joint Computer Conference},
	pages = {563–578},
	numpages = {16},
	location = {San Francisco, California},
	series = {AFIPS ’66 (Fall)}
}
@misc{heisenburg-frequency,
	title={{General uncertainty principle}},
	url={https://youtu.be/MBnnXbOM5S4?t=60},
	note = {accessed: 2020-04-24}
}
@misc{fft-visualize,
	title={{Visual introduction to fourier transformation}},
	url={https://www.youtube.com/watch?v=spUNpyF58BY},
	note = {accessed: 2020-04-25}
}
@misc{arduinofft,
	title={{ArduinoFFT Github repository}},
	url={https://github.com/kosme/arduinoFFT},
	note = {accessed: 2020-04-13}
}
@misc{hsa1.2,
	title={{HSA 1.2 specification}},
	url={http://www.hsafoundation.com/?ddownload=5702},
	note = {accessed: 2020-04-13}
}
@misc{rocm-no-rdna,
	title={{No RDNA support for ROCm}},
	url={https://github.com/RadeonOpenCompute/ROCm/issues/887#issuecomment-605711172},
	note = {accessed: 2020-04-24}
}
@misc{window-signal,
	title={{Overlayed windowing functions showing signal width}},
	url={http://gwyddion.net/documentation/user-guide-en/windowing-win.png},
	note = {accessed: 2020-04-24}
}
@misc{window-range,
	title={{Overlayed windowing functions showing dynamic range}},
	url={http://gwyddion.net/documentation/user-guide-en/windowing-fft.png},
	note = {accessed: 2020-04-24}
}
@misc{sigidwiki,
	title={{Signal Identification Guide}},
	url={https://www.sigidwiki.com},
	note = {accessed: 2020-04-27}
}